% This file was created with JabRef 2.8.1.
% Encoding: Cp1252

@MASTERSTHESIS{khash12thesis,
  author = {Daniel Khashabi},
  title = {Analysis and Implementation of Bayesian Methods for Modelling Correlated
	Multioutput Information (Multitask Learning)},
  school = {Amirkabir University of Technology(Tehran Polytechnic)},
  year = {2012},
  note = {In Persian},
  url = {http://web.engr.illinois.edu/~khashab2/files/2012_BSC_Thesis_main.pdf}
}

@TECHREPORT{khashab13,
  author = {Khashabi, Daniel and Liang, Feng},
  title = {Heteroscedastic Relevance Vector Machine},
  year = {2013},
  note = {Preliminary version submitted to arXiv.org},
  owner = {Daniel},
  timestamp = {2013.01.18},
  url = {http://arxiv.org/abs/1301.2015}
}

@BOOK{khashabiMotamediNavabi12CppBook,
  title = {C++ Programming and Numerical Methods},
  year = {2009},
  author = {Khashabi, D. and Motamedi, M. and Navabi, Sh. and Taheri, B.},
  note = {In Persian},
  comment = {Persian},
  journal = {under publish},
  url = {http://cpp.aut.ac.ir}
}

@INPROCEEDINGS{MoosaviKhashabi10a,
  author = {Moosavi, S.M. and Khashabi, D.},
  title = {Haar wavelet for function approximation and solving ordinary differential
	equations},
  booktitle = {13th Iranian Student Conference on Electrical and Computer Engieering(ISCEE2010)},
  year = {2010},
  note = {In Persian},
  url = {http://www.civilica.com/Paper-ISCEE13-ISCEE13_211.html}
}

@INPROCEEDINGS{MoosaviKhashabi10b,
  author = {Moosavi, S.M. and Khashabi, D.},
  title = {Design and Optimizing Digital Combinational Logic Circuits Using
	Genetic Algorithm},
  booktitle = {13th Iranian Student Conference on Electrical and Computer Engieering(ISCEE2010)},
  year = {2010},
  note = {In Persian, Best Paper Award!},
  url = {http://www.civilica.com/Paper-ISCEE13-ISCEE13_197.html}
}

@TECHREPORT{nokhbehKhashabiTalebi12a,
  author = {Nokhbeh-Zaeem, M. and Khashabi, D. and Talebi, HA.},
  title = {More Mathematics on Adaptive Tiled Neural Networks},
  institution = {Amirkabir University of Technolog(Tehran Polytechnic), Electrical
	Engineering Department},
  year = {2012},
  url = {http://web.engr.illinois.edu/~khashab2/files/2012_net.pdf}
}

@INPROCEEDINGS{nokhbeh2011adaptive,
  author = {Nokhbeh-Zaeem, M. and Khashabi, D. and Talebi, HA and Navabi, S.
	and Jabbarvaziri, F.},
  title = {Adaptive tiled Neural Networks},
  booktitle = {IEEE International Conference on Systems, Man, and Cybernetics (SMC),},
  year = {2011},
  pages = {2543--2548},
  organization = {IEEE},
  note = {Code: http://ele.aut.ac.ir/%7Enokhbe/atnn/atnn.htm},
  url = {http://web.engr.illinois.edu/~khashab2/files/2011_ATNN/06084059.pdf}
}

@MISC{norouzitallab2009nemesis,
  author = {Norouzitallab, M. and Korjani, MM and Salehizadeh, SMA and Pourshoghi,
	A. and Khashabi, D. and Razaghpanah, A. and Kaviani, P. and Vosoughpour,
	M.},
  title = {Nemesis Team Description 2009},
  year = {2009},
  publisher = {RoboCup},
  url = {http://web.engr.illinois.edu/~khashab2/files/Robocup/20.pdf}
}

